<?xml version="1.0" encoding="UTF-8"?><collection xmlns="http://www.loc.gov/MARC21/slim"><record><leader>00362nam--2200133-i-4500</leader><controlfield tag="001">000044499</controlfield><controlfield tag="002">20161230</controlfield><controlfield tag="005">20161230201044</controlfield><controlfield tag="008">060222s1000------------r-----000-0-eng-d</controlfield><datafield ind1=" " ind2=" " tag="080"><subfield code="a">551.46</subfield></datafield><datafield ind1=" " ind2=" " tag="100"><subfield code="a">Puthusserypady, Sadasivan And Haykin, Simon</subfield></datafield><datafield ind1=" " ind2=" " tag="245"><subfield code="a">Chaotic dynamics of sea clutter</subfield></datafield><datafield ind1=" " ind2=" " tag="260"><subfield code="a">New York, John Wiley Sons, Inc., 1999, 217p</subfield></datafield><datafield ind1=" " ind2=" " tag="852"><subfield code="a">81150</subfield></datafield></record></collection>